<record><leader>00000cas a2200000 a 4500</leader><controlfield tag="001">9569959</controlfield><controlfield tag="008">830602d18591869mauwr ne      0    0eng c</controlfield><datafield ind1=" " ind2=" " tag="010"><subfield code="a">sn 83020832 </subfield></datafield><datafield ind1=" " ind2=" " tag="040"><subfield code="a">NPX</subfield><subfield code="b">eng</subfield><subfield code="c">NPX</subfield><subfield code="d">NPY</subfield><subfield code="d">NYG</subfield><subfield code="d">MGN</subfield><subfield code="d">NSD</subfield><subfield code="d">NYS</subfield><subfield code="d">OCLCQ</subfield><subfield code="d">OCLCF</subfield><subfield code="d">OCLCO</subfield></datafield><datafield ind1="1" ind2=" " tag="029"><subfield code="a">AU@</subfield><subfield code="b">000020416081</subfield></datafield><datafield ind1=" " ind2=" " tag="042"><subfield code="a">pcc</subfield></datafield><datafield ind1=" " ind2=" " tag="043"><subfield code="a">n-us-ma</subfield></datafield><datafield ind1="0" ind2="4" tag="245"><subfield code="a">The Middleborough gazette, and Old Colony advertiser.</subfield></datafield><datafield ind1=" " ind2=" " tag="260"><subfield code="a">Middleboro, Mass. :</subfield><subfield code="b">Stillman B. Pratt</subfield></datafield><datafield ind1=" " ind2=" " tag="300"><subfield code="a">v.</subfield></datafield><datafield ind1=" " ind2=" " tag="310"><subfield code="a">Weekly</subfield></datafield><datafield ind1="0" ind2=" " tag="362"><subfield code="a">Vol. 7, no. 33 (June 18, 1859)-</subfield></datafield><datafield ind1="1" ind2=" " tag="362"><subfield code="a">Ceased in 1869?</subfield></datafield><datafield ind1=" " ind2=" " tag="588"><subfield code="a">Latest issue consulted: (Oct. 31, 1868).</subfield></datafield><datafield ind1=" " ind2="0" tag="651"><subfield code="a">Middleboro (Mass.)</subfield><subfield code="v">Newspapers.</subfield></datafield><datafield ind1=" " ind2="0" tag="651"><subfield code="a">Plymouth County (Mass.)</subfield><subfield code="v">Newspapers.</subfield></datafield><datafield ind1=" " ind2="7" tag="655"><subfield code="a">Newspapers.</subfield><subfield code="2">fast</subfield><subfield code="0">(OCoLC)fst01423814</subfield></datafield><datafield ind1=" " ind2="7" tag="651"><subfield code="a">Massachusetts</subfield><subfield code="z">Middleboro.</subfield><subfield code="2">fast</subfield><subfield code="0">(OCoLC)fst01255049</subfield></datafield><datafield ind1=" " ind2="7" tag="651"><subfield code="a">Massachusetts</subfield><subfield code="z">Plymouth County.</subfield><subfield code="2">fast</subfield><subfield code="0">(OCoLC)fst01209109</subfield></datafield><datafield ind1=" " ind2=" " tag="752"><subfield code="a">United States</subfield><subfield code="b">Massachusetts</subfield><subfield code="c">Plymouth</subfield><subfield code="d">Middleboro.</subfield></datafield><datafield ind1="0" ind2="0" tag="780"><subfield code="t">Middleboro gazette (Middleboro, Mass. : 1857)</subfield><subfield code="w">(DLC)sn 91058027</subfield><subfield code="w">(OCoLC)23378866</subfield></datafield><datafield ind1="0" ind2="0" tag="785"><subfield code="t">Middleboro gazette (Middleboro, Mass. : 1870)</subfield><subfield code="x">1066-4084</subfield><subfield code="w">(DLC)sn 85033113</subfield><subfield code="w">(OCoLC)11674121</subfield></datafield></record>